<?xml version="1.0" encoding="UTF-8"?><collection xmlns="http://www.loc.gov/MARC21/slim"><record><leader>00635nam--2200193-i-4500</leader><controlfield tag="001">000035206</controlfield><controlfield tag="002">20161230</controlfield><controlfield tag="005">20161230201040</controlfield><controlfield tag="008">060222s1000------------r-----000-0-rum-d</controlfield><datafield ind1=" " ind2=" " tag="040"><subfield code="a">IFIN-HH</subfield></datafield><datafield ind1=" " ind2=" " tag="041"><subfield code="a">rum</subfield></datafield><datafield ind1=" " ind2=" " tag="080"><subfield code="a">539.4:621.039.5(043)</subfield></datafield><datafield ind1="1" ind2=" " tag="100"><subfield code="a">Paun, Viorel Puiu</subfield></datafield><datafield ind1="1" ind2="0" tag="245"><subfield code="a">Modele pentru predeterminarea caracteristicilor mecanice ale aliajelor de zirconiu utilizate in energetica nucleara</subfield><subfield code="b">Teza</subfield><subfield code="c">Viorel puiu paun</subfield></datafield><datafield ind1=" " ind2=" " tag="260"><subfield code="a">Bucuresti</subfield><subfield code="b">Institutul De Fizica Atomica</subfield><subfield code="c">1992</subfield></datafield><datafield ind1=" " ind2=" " tag="300"><subfield code="a">180P</subfield></datafield><datafield ind1=" " ind2=" " tag="502"><subfield code="a">Conducator Stiintific: Dr.Ing. Nicolae Andreescu</subfield></datafield><datafield ind1=" " ind2=" " tag="852"><subfield code="a">79960</subfield><subfield code="c">539.4</subfield></datafield><datafield ind1=" " ind2=" " tag="CAT"><subfield code="a">Sys</subfield><subfield code="c">20130130</subfield><subfield code="h">155122</subfield></datafield></record></collection>